<record><leader>00000cas a22000007a 4500</leader><controlfield tag="001">20257788</controlfield><controlfield tag="008">890825d19001901mouwr ne      0    0eng d</controlfield><datafield ind1=" " ind2=" " tag="010"><subfield code="a">sn 89067012 </subfield></datafield><datafield ind1=" " ind2=" " tag="040"><subfield code="a">MQN</subfield><subfield code="b">eng</subfield><subfield code="c">MQN</subfield><subfield code="d">OCLCQ</subfield></datafield><datafield ind1=" " ind2=" " tag="042"><subfield code="a">msc</subfield></datafield><datafield ind1="0" ind2="0" tag="245"><subfield code="a">Platte County world.</subfield></datafield><datafield ind1=" " ind2=" " tag="260"><subfield code="a">Parkville, Platte County, Mo. :</subfield><subfield code="b">E.E. Barrett,</subfield><subfield code="c">1900-</subfield></datafield><datafield ind1=" " ind2=" " tag="300"><subfield code="a">v.</subfield></datafield><datafield ind1=" " ind2=" " tag="310"><subfield code="a">Weekly</subfield></datafield><datafield ind1="0" ind2=" " tag="362"><subfield code="a">Vol. 4, no. 30 (Aug. 9, 1900)-</subfield></datafield><datafield ind1="1" ind2=" " tag="362"><subfield code="a">Ceased in 1901?</subfield></datafield><datafield ind1=" " ind2=" " tag="752"><subfield code="a">United States</subfield><subfield code="b">Missouri</subfield><subfield code="c">Platte</subfield><subfield code="d">Parkville.</subfield></datafield><datafield ind1="0" ind2="0" tag="780"><subfield code="t">Weston world (Weston, Mo.)</subfield><subfield code="w">(DLC)sn 89067011</subfield></datafield></record>